@article{Angela:2023,
  title={A Brief Survey on Wallpaper Groups},
  author={Zhoa, Angela},
  url ={https://math.mit.edu/research/highschool/primes/circle/documents/2023/Angela_Zhao.pdf},
  year = {2023}
}

@book{berger1966undecidability,
  title={Undecidability of the Domino Problem},
  author={Berger, R.},
  isbn={9780821812662},
  lccn={52042839},
  series={Memoirs Series},
  url={https://books.google.com.au/books?id=GxDxwAEACAAJ},
  year={1966},
  publisher={American Mathematical Society}
}

@article{Jeandel2021aperiodic,
	author = {Jeandel, Emmanuel and Rao, Micha{\" e}l},
	journal = {Advances in Combinatorics},
	doi = {10.19086/aic.18614},
	year = {2021},
	month = {jan 6},
	title = {An aperiodic set of 11 {Wang} tiles},
}

@article{hilbert1902mathematical,
  author  = {Hilbert, David},
  title   = {{Mathematical Problems}},
  journal = {Bulletin of the American Mathematical Society},
  volume  = {8},
  number  = {10},
  pages   = {437--479},
  year    = {1902},
  doi     = {10.1090/S0002-9904-1902-00923-3},
  url     = {https://doi.org/10.1090/S0002-9904-1902-00923-3},
}



@article{Ganapathy:2021,
    author = {Tanvi Ganapathy},
    title = {Wallpaper Groups: Alhambra, Escher and Symmetries},
    url = {https://math.mit.edu/research/highschool/primes/circle/documents/2021/Ganapathy.pdf},
    journal = {MIT},
    year = {2021}
}

@article{MontgomeryCollege:2023,
    author = {Montgomery College},
    title = {Wallpaper Groups & Applications - Early College Colloquium 2023},
    url = {https://www.youtube.com/watch?v=UL3euP0XNcA},
    note  = {Accessed: 2024-05-30}
}

@article{robinson1971,
  author    = {Robinson, R.\,M.},
  title     = {{Undecidability and nonperiodicity for tilings of the plane}},
  journal   = {Inventiones Mathematicae},
  volume    = {12},
  pages     = {177--209},
  year      = {1971},
  doi       = {10.1007/BF01418780},
}

@misc{Cali1,
    author = {Cali w},
    title = {Wallpaper Groups},
    url = {https://www.youtube.com/watch?v=uEBgG-Am0vA},
    note  = {Accessed: 2024-05-24}
}

@misc{Trefor1,
    author = {Dr Trefor Bazett},
    title = {The Beauty of Symmetry: An Introduction to the Wallpaper Group},
    url = {https://www.youtube.com/watch?v=C_konuQKGtQ},
    note  = {Accessed: 2024-05-24}
}

@misc{Clark1,
    author = {David E. Joyce},
    title = {Wallpaper Groups:The 17 plane symmetry groups},
    year = {2024},
    url = {https://www2.clarku.edu/faculty/djoyce/wallpaper/seventeen.html},
    note = {Accessed: 2024-05-28}
}


@misc{sasse_2020,
  author       = {Vivek Sasse},
  title        = {{Classification of the 17 Wallpaper Groups}},
  howpublished = {Universiy of Chicago},
  year         = {2020},
  url={https://math.uchicago.edu/~may/REU2020/REUPapers/Sasse.pdf}
}


@article{Smith_2024,
   title={An aperiodic monotile},
   volume={4},
   ISSN={2766-1334},
   url={http://dx.doi.org/10.5070/C64163843},
   DOI={10.5070/c64163843},
   number={1},
   journal={Combinatorial Theory},
   publisher={California Digital Library (CDL)},
   author={Smith, David and Myers, Joseph Samuel and Kaplan, Craig S. and Goodman-Strauss, Chaim},
   year={2024},
   month=jul 
}

@article{Smith_2024_chiral,
   title={A chiral aperiodic monotile},
   volume={4},
   ISSN={2766-1334},
   url={http://dx.doi.org/10.5070/C64264241},
   DOI={10.5070/c64264241},
   number={2},
   journal={Combinatorial Theory},
   publisher={California Digital Library (CDL)},
   author={Smith, David and Myers, Joseph Samuel and Kaplan, Craig S. and Goodman-Strauss, Chaim},
   year={2024},
   month=sep }


// Figures
@misc{penrose_tiling_p1,
  author       = {Inductiveload},
  title        = {{Penrose Tiling (P1)}},
  howpublished = {Own work. Wikimedia Commons. Public domain (PD-self).},
  month        = feb,
  year         = {2009},
  url          = {https://commons.wikimedia.org/wiki/File:Penrose_Tiling_(P1).svg},
  note         = {Accessed: 2025-05-12}
}

@misc{penrose_tiling_rhombi,
  author       = {Inductiveload},
  title        = {Penrose Tiling (Rhombi)},
  year         = {2009},
  url          = {https://en.wikipedia.org/wiki/File:Penrose_Tiling_(Rhombi).svg},
  note         = {Public domain image of a Penrose tiling (P3) using thick and thin rhombi, exhibiting fivefold symmetry}
}

@misc{spectre_monotile_svg,
  title        = {Spectre aperiodic monotile single.svg},
  author       = {David Smith and Joseph Samuel Myers and Craig S. Kaplan and Chaim Goodman-Strauss},
  year         = {2023},
  month        = jun,
  url          = {https://en.wikipedia.org/wiki/File:Spectre_aperiodic_monotile_single.svg},
  note         = {Licensed under Creative Commons Attribution-Share Alike 4.0 International},
  howpublished = {Wikimedia Commons}
}

@misc{WallpaperGenerator,
url =  {https://math.hws.edu/eck/js/symmetry/wallpaper.html}

}


@misc{tomruen2011,
  author       = {{Tomruen}},
  title        = {{Wallpaper group diagram}},
  howpublished = {Own work. Wikimedia Commons},
  month        = jun,
  day          = {24},
  year         = {2011},
  url          = {https://commons.wikimedia.org/wiki/File:Wallpaper_group_diagram.svg},
  note         = {Derived from unrotated version; accessed 2025-05-12}
}

@misc{Tomruen:2015,
    author = {Tomruen},
    title = {Frieze group example with feet under John Conway's nicknames},
    year = {2015},
    url = {https://commons.wikimedia.org/wiki/File:Frieze_step.png},
    note = {Licensed under Creative Commons Attribution 4.0 International (CC BY 4.0)}
}

@misc{robinsontiles,
  author       = {Archibald},
  title        = {{Robinson tiles}},
  howpublished = {Own work. Wikimedia Commons.},
  month        = may,
  day          = {8},
  year         = {2005},
  url          = {https://commons.wikimedia.org/wiki/File:Robinson_tiles.svg},
  note         = {Released into the public domain; accessed 2025-05-12}
}

@misc{wang11tiles,
  author       = {Parcly Taxel},
  title        = {{Wang 11 tiles}},
  howpublished = {Own work. Wikimedia Commons.},
  month        = jun,
  day          = {15},
  year         = {2016},
  url          = {https://commons.wikimedia.org/wiki/File:Wang_11_tiles.svg},
  note         = {Released under the Free Art License; accessed 2025-05-12}
}

@misc{zucker2022penrosequilt,
  author       = {Zucker, Matt},
  title        = {{Penrose tiling quilt}},
  howpublished = {Needlessly Complex blog},
  month        = nov,
  day          = {13},
  year         = {2022},
  url          = {https://mzucker.github.io/2022/11/13/penrose-tiling-quilt.html},
  note         = {Accessed: 2025-05-12}
}
