@article{Smith_2024,
   title={An aperiodic monotile},
   volume={4},
   ISSN={2766-1334},
   url={http://dx.doi.org/10.5070/C64163843},
   DOI={10.5070/c64163843},
   number={1},
   journal={Combinatorial Theory},
   publisher={California Digital Library (CDL)},
   author={Smith, David and Myers, Joseph Samuel and Kaplan, Craig S. and Goodman-Strauss, Chaim},
   year={2024},
   month=jul }

@article{Smith_2024,
   title={A chiral aperiodic monotile},
   volume={4},
   ISSN={2766-1334},
   url={http://dx.doi.org/10.5070/C64264241},
   DOI={10.5070/c64264241},
   number={2},
   journal={Combinatorial Theory},
   publisher={California Digital Library (CDL)},
   author={Smith, David and Myers, Joseph Samuel and Kaplan, Craig S. and Goodman-Strauss, Chaim},
   year={2024},
   month=sep }


// Figures
@misc{penrose_tiling_rhombi,
  author       = {Inductiveload},
  title        = {Penrose Tiling (Rhombi)},
  year         = {2009},
  url          = {https://en.wikipedia.org/wiki/File:Penrose_Tiling_(Rhombi).svg},
  note         = {Public domain image of a Penrose tiling (P3) using thick and thin rhombi, exhibiting fivefold symmetry}
}
   